
% PG (final)
@Article{eberle2017,
   Author="Eberle, M. A.  and Fritzilas, E.  and Krusche, P.  and K{\"a}llberg, M.  and Moore, B. L.  and Bekritsky, M. A.  and Iqbal, Z.  and Chuang, H. Y.  and Humphray, S. J.  and Halpern, A. L.  and Kruglyak, S.  and Margulies, E. H.  and McVean, G.  and Bentley, D. R. ",
   Title="{{A} reference data set of 5.4 million phased human variants validated by genetic inheritance from sequencing a three-generation 17-member pedigree}",
   doi = {10.1101/gr.210500.116},
   url = {http://dx.doi.org/10.1101/gr.210500.116},
   Journal="Genome Res.",
   Year="2017",
   Volume="27",
   Number="1",
   Pages="157--164",
   Month="Jan"
}

% PG (pre-print)
@article {pgPreprint,
	author = {Eberle, Michael A and Fritzilas, Epameinondas and Krusche, Peter and K{\"a}llberg, Morten and Moore, Benjamin L and Bekritsky, Mitchell A and Iqbal, Zamin and Chuang, Han-Yu and Humphray, Sean J and Halpert, Aaron L and Kruglyak, Semyon and Margulies, Elliott H and McVean, Gil and Bentley, David R},
	title = {A reference dataset of 5.4 million human variants validated by genetic inheritance from sequencing a three-generation 17-member pedigree},
	year = {2016},
	doi = {10.1101/055541},
	publisher = {Cold Spring Harbor Labs Journals},
	URL = {http://biorxiv.org/content/early/2016/05/26/055541},
	eprint = {http://biorxiv.org/content/early/2016/05/26/055541.full.pdf},
	journal = {bioRxiv}
}

% 11504945 
@Article{pevzner2001,
   Author="Pevzner, P. A.  and Tang, H.  and Waterman, M. S. ",
   Title="{{A}n {E}ulerian path approach to {D}{N}{A} fragment assembly}",
   Journal="Proc. Natl. Acad. Sci. U.S.A.",
   Year="2001",
   Volume="98",
   Number="17",
   Pages="9748--9753",
   Month="Aug"
}

